@book{Lee,
  author={Lee, John M.},
  title={Introduction to smooth manifolds},
  edition={2. ed.},
  publisher={Springer},
  address={New York ; Heidelberg [u.a.]},
  year={2013},
}